@misc{blender-foundation,
	author = {Blender Foundation},
	title = {{Support â€” Blender.org}},
	url = {https://www.blender.org/support/},
}
@misc{opengl,
	title = {{LearnOpenGL - OpenGL}},
	url = {https://learnopengl.com/Getting-started/OpenGL},
}